<record><leader>00000cas a22000007i 4500</leader><controlfield tag="001">904338634</controlfield><controlfield tag="006">m     o  d        </controlfield><controlfield tag="007">cr mn|||||n|||</controlfield><controlfield tag="008">831027d18551886ohuwr neo     0   a0eng  </controlfield><datafield ind1=" " ind2=" " tag="010"><subfield code="a">  2015218766</subfield></datafield><datafield ind1=" " ind2=" " tag="040"><subfield code="a">Nz</subfield><subfield code="b">eng</subfield><subfield code="e">rda</subfield><subfield code="c">Z5A</subfield><subfield code="d">OCLCO</subfield><subfield code="d">DLC</subfield><subfield code="d">OCLCF</subfield><subfield code="d">OCLCA</subfield></datafield><datafield ind1="0" ind2=" " tag="022"><subfield code="a">2379-1462</subfield><subfield code="2">1</subfield></datafield><datafield ind1="0" ind2=" " tag="029"><subfield code="a">NZ1</subfield><subfield code="b">15871790</subfield></datafield><datafield ind1=" " ind2=" " tag="042"><subfield code="a">msc</subfield><subfield code="a">nsdp</subfield></datafield><datafield ind1=" " ind2=" " tag="043"><subfield code="a">n-us-oh</subfield></datafield><datafield ind1="1" ind2="0" tag="050"><subfield code="a">ISSN RECORD</subfield></datafield><datafield ind1="0" ind2="0" tag="082"><subfield code="a">071</subfield><subfield code="2">23</subfield></datafield><datafield ind1="0" ind2=" " tag="130"><subfield code="a">Delaware gazette  (Delaware, Ohio : 1855)</subfield></datafield><datafield ind1=" " ind2="0" tag="222"><subfield code="a">Delaware gazette</subfield><subfield code="b">(Delaware, Ohio. 1855. Online)</subfield></datafield><datafield ind1="0" ind2="0" tag="245"><subfield code="a">Delaware gazette.</subfield></datafield><datafield ind1="1" ind2="0" tag="246"><subfield code="a">Delaware weekly gazette</subfield></datafield><datafield ind1=" " ind2="1" tag="264"><subfield code="a">Delaware, Ohio :</subfield><subfield code="b">A. Thomson</subfield></datafield><datafield ind1=" " ind2=" " tag="300"><subfield code="a">1 online resource</subfield></datafield><datafield ind1=" " ind2=" " tag="310"><subfield code="a">Weekly</subfield></datafield><datafield ind1=" " ind2=" " tag="336"><subfield code="a">text</subfield><subfield code="b">txt</subfield><subfield code="2">rdacontent</subfield></datafield><datafield ind1=" " ind2=" " tag="337"><subfield code="a">computer</subfield><subfield code="b">c</subfield><subfield code="2">rdamedia</subfield></datafield><datafield ind1=" " ind2=" " tag="338"><subfield code="a">online resource</subfield><subfield code="b">cr</subfield><subfield code="2">rdacarrier</subfield></datafield><datafield ind1="1" ind2=" " tag="362"><subfield code="a">Began December 21, 1855; ceased v. 70, no. 50 (Dec. 9, 1886).</subfield></datafield><datafield ind1=" " ind2=" " tag="500"><subfield code="a">Published as: Delaware weekly gazette, Sept. 30, 1886-Dec. 9, 1886.</subfield></datafield><datafield ind1=" " ind2=" " tag="500"><subfield code="a">Publishers: A. Thomson, &lt;1856&gt;; A. Thomson &amp; Son, &lt;1865-1876&gt;.</subfield></datafield><datafield ind1=" " ind2=" " tag="500"><subfield code="a">"Republican." &lt;1859-1865&gt;.</subfield></datafield><datafield ind1=" " ind2=" " tag="588"><subfield code="a">Description based on: Vol. XL, number 41 (January 15, 1858); title from masthead (Chroniclingamerica.loc.gov, viewed May 13, 2015).</subfield></datafield><datafield ind1=" " ind2=" " tag="588"><subfield code="a">Latest issue consulted: Vol. LIII, no. 1 (March 31, 1871) (Chroniclingamerica.loc.gov, viewed May 13, 2015).</subfield></datafield><datafield ind1=" " ind2="0" tag="651"><subfield code="a">Delaware (Ohio)</subfield><subfield code="v">Newspapers.</subfield></datafield><datafield ind1=" " ind2="7" tag="655"><subfield code="a">Newspapers.</subfield><subfield code="2">fast</subfield><subfield code="0">(OCoLC)fst01423814</subfield></datafield><datafield ind1=" " ind2="7" tag="651"><subfield code="a">Ohio</subfield><subfield code="z">Delaware.</subfield><subfield code="2">fast</subfield><subfield code="0">(OCoLC)fst01207058</subfield></datafield><datafield ind1="0" ind2=" " tag="730"><subfield code="a">Delaware gazette (Delaware, Ohio : 1855)</subfield></datafield><datafield ind1=" " ind2=" " tag="752"><subfield code="a">United States</subfield><subfield code="b">Ohio</subfield><subfield code="c">Delaware</subfield><subfield code="d">Delaware.</subfield></datafield><datafield ind1="0" ind2=" " tag="775"><subfield code="t">Delaware daily gazette</subfield></datafield><datafield ind1="0" ind2="8" tag="776"><subfield code="i">Originally issued in print:</subfield><subfield code="t">Delaware gazette  (Delaware, Ohio : 1855)</subfield><subfield code="x">2379-1454</subfield><subfield code="w">(DLC)sn 83035595</subfield><subfield code="w">(OCoLC)10063097</subfield></datafield><datafield ind1="0" ind2="0" tag="780"><subfield code="t">Olentangy gazette</subfield></datafield><datafield ind1="0" ind2="0" tag="785"><subfield code="t">Delaware semi-weekly gazette (Delaware, Ohio : 1886)</subfield></datafield><datafield ind1="4" ind2="0" tag="856"><subfield code="u">http://www.loc.gov/chroniclingamerica/lccn/sn83035595/issues</subfield></datafield></record>